<record><leader>00000cas a2200000 a 4500</leader><controlfield tag="001">26889025</controlfield><controlfield tag="008">921030d19471949iludn ne      0   a0eng c</controlfield><datafield ind1=" " ind2=" " tag="010"><subfield code="a">sn 92054653 </subfield></datafield><datafield ind1=" " ind2=" " tag="040"><subfield code="a">NVF</subfield><subfield code="b">eng</subfield><subfield code="c">NVF</subfield><subfield code="d">OCLCQ</subfield><subfield code="d">NVF</subfield><subfield code="d">OCLCQ</subfield><subfield code="d">NVF</subfield><subfield code="d">DLC</subfield><subfield code="d">OCLCF</subfield><subfield code="d">OCLCO</subfield></datafield><datafield ind1="1" ind2=" " tag="029"><subfield code="a">AU@</subfield><subfield code="b">000020106908</subfield></datafield><datafield ind1=" " ind2=" " tag="042"><subfield code="a">pcc</subfield></datafield><datafield ind1=" " ind2=" " tag="043"><subfield code="a">n-us-il</subfield></datafield><datafield ind1="0" ind2=" " tag="130"><subfield code="a">Daily journal (Herrin, Ill.)</subfield></datafield><datafield ind1="1" ind2="4" tag="245"><subfield code="a">The daily journal.</subfield></datafield><datafield ind1=" " ind2=" " tag="260"><subfield code="a">Herrin, Ill. :</subfield><subfield code="b">Southern Illinois Publications,</subfield><subfield code="c">1947-1949.</subfield></datafield><datafield ind1=" " ind2=" " tag="300"><subfield code="a">v.</subfield></datafield><datafield ind1=" " ind2=" " tag="310"><subfield code="a">Daily (except Sunday)</subfield></datafield><datafield ind1="0" ind2=" " tag="362"><subfield code="a">Vol. 35, no. 232 (Nov. 12, 1947)-v. 37, no. 143 (June 18, 1949).</subfield></datafield><datafield ind1=" " ind2=" " tag="515"><subfield code="a">Continues the numbering of Herrin daily journal.</subfield></datafield><datafield ind1=" " ind2=" " tag="515"><subfield code="a">Suspended with Mar. 6, 1948 issue; resumed with Mar. 19, 1949 issue.</subfield></datafield><datafield ind1=" " ind2=" " tag="580"><subfield code="a">Contains a separate section with own masthead called: Southern Illinoisan (Carbondale, Ill. : 1947).</subfield></datafield><datafield ind1=" " ind2=" " tag="580"><subfield code="a">Merged with: Southern Illinoisan (Carbondale, Ill. : 1947), to form: Southern Illinoisan (Herrin, Ill. : Daily journal ed.).</subfield></datafield><datafield ind1=" " ind2="0" tag="651"><subfield code="a">Herrin (Ill.)</subfield><subfield code="v">Newspapers.</subfield></datafield><datafield ind1=" " ind2="7" tag="655"><subfield code="a">Newspapers.</subfield><subfield code="2">fast</subfield><subfield code="0">(OCoLC)fst01423814</subfield></datafield><datafield ind1=" " ind2="7" tag="651"><subfield code="a">Illinois</subfield><subfield code="z">Herrin.</subfield><subfield code="2">fast</subfield><subfield code="0">(OCoLC)fst01217742</subfield></datafield><datafield ind1=" " ind2=" " tag="752"><subfield code="a">United States</subfield><subfield code="b">Illinois</subfield><subfield code="c">Williamson</subfield><subfield code="d">Herrin.</subfield></datafield><datafield ind1="1" ind2=" " tag="777"><subfield code="t">Southern Illinoisan (Carbondale, Ill. : 1947)</subfield><subfield code="w">(DLC)sn 92054645</subfield><subfield code="w">(OCoLC)26889695</subfield></datafield><datafield ind1="0" ind2="0" tag="780"><subfield code="t">Herrin daily journal</subfield><subfield code="w">(DLC)sn 92054652</subfield><subfield code="w">(OCoLC)26910482</subfield></datafield><datafield ind1="1" ind2="7" tag="785"><subfield code="t">Southern Illinoisan (Carbondale, Ill. : 1947)</subfield><subfield code="w">(DLC)sn 92054645</subfield><subfield code="w">(OCoLC)26889695</subfield></datafield><datafield ind1="1" ind2="7" tag="785"><subfield code="t">Southern Illinoisan (Herrin, Ill. : Daily journal ed.)</subfield><subfield code="w">(DLC)sn 92054654</subfield><subfield code="w">(OCoLC)26889405</subfield></datafield></record>